<record><leader>00000cas a2200000 i 4500</leader><controlfield tag="001">on1476162101</controlfield><controlfield tag="003">OCoLC</controlfield><controlfield tag="005">20250523213026.0</controlfield><controlfield tag="008">241206d18861886nbudn ne      0    0eng d</controlfield><datafield ind1=" " ind2=" " tag="010"><subfield code="a">  2024271441</subfield></datafield><datafield ind1=" " ind2=" " tag="040"><subfield code="a">LDL</subfield><subfield code="b">eng</subfield><subfield code="e">rda</subfield><subfield code="c">LDL</subfield><subfield code="d">LDL</subfield></datafield><datafield ind1=" " ind2=" " tag="035"><subfield code="a">(OCoLC)1476162101</subfield></datafield><datafield ind1=" " ind2=" " tag="042"><subfield code="a">msc</subfield></datafield><datafield ind1=" " ind2=" " tag="043"><subfield code="a">n-us-nb</subfield></datafield><datafield ind1="0" ind2="0" tag="245"><subfield code="a">South Omaha stockman.</subfield></datafield><datafield ind1=" " ind2="1" tag="264"><subfield code="a">South Omaha, Neb. :</subfield><subfield code="b">J.B. Erion,</subfield><subfield code="c">1886.</subfield></datafield><datafield ind1=" " ind2=" " tag="300"><subfield code="a">1 volume</subfield></datafield><datafield ind1=" " ind2=" " tag="310"><subfield code="a">Daily (except Sun.)</subfield></datafield><datafield ind1=" " ind2=" " tag="336"><subfield code="a">text</subfield><subfield code="b">txt</subfield><subfield code="2">rdacontent</subfield></datafield><datafield ind1=" " ind2=" " tag="337"><subfield code="a">unmediated</subfield><subfield code="b">n</subfield><subfield code="2">rdamedia</subfield></datafield><datafield ind1=" " ind2=" " tag="338"><subfield code="a">volume</subfield><subfield code="b">nc</subfield><subfield code="2">rdacarrier</subfield></datafield><datafield ind1="0" ind2=" " tag="362"><subfield code="a">Vol. 1, no. 1 (June 12, 1886)-v. 1, no. 137 (Nov. 23, 1886).</subfield></datafield><datafield ind1=" " ind2="7" tag="650"><subfield code="a">Animal industry.</subfield><subfield code="2">fast</subfield><subfield code="0">(OCoLC)fst00809238</subfield></datafield><datafield ind1=" " ind2="0" tag="650"><subfield code="a">Animal industry</subfield><subfield code="z">Nebraska</subfield><subfield code="v">Newspapers.</subfield></datafield><datafield ind1=" " ind2="7" tag="651"><subfield code="a">Middle West.</subfield><subfield code="2">fast</subfield><subfield code="0">(OCoLC)fst01240052</subfield></datafield><datafield ind1=" " ind2="7" tag="655"><subfield code="a">Newspapers.</subfield><subfield code="2">fast</subfield><subfield code="0">(OCoLC)fst01423814</subfield></datafield><datafield ind1=" " ind2=" " tag="752"><subfield code="a">United States</subfield><subfield code="b">Nebraska</subfield><subfield code="c">Douglas</subfield><subfield code="d">South Omaha.</subfield></datafield><datafield ind1="0" ind2="0" tag="785"><subfield code="t">South Omaha daily stockman</subfield><subfield code="w">(DLC)  2024271442</subfield></datafield><datafield ind1=" " ind2=" " tag="994"><subfield code="a">92</subfield><subfield code="b">DLC</subfield></datafield></record>